[gd_scene load_steps=4 format=3 uid="uid://c3nsccx1ltnud"]

[ext_resource type="Script" path="res://Enemy/enemigo.gd" id="2_fwhdi"]
[ext_resource type="FontFile" uid="uid://hhyeu8l2dqc" path="res://Font/Handjet-VariableFont_ELGR,ELSH,wght.ttf" id="3_626fw"]

[sub_resource type="CircleShape2D" id="CircleShape2D_efs2a"]

[node name="Enemigo" type="Sprite2D"]
z_index = -500
scale = Vector2(10, 10)
script = ExtResource("2_fwhdi")

[node name="Info" type="Control" parent="."]
layout_mode = 3
anchors_preset = 0
offset_left = -96.3
offset_top = -20.7
offset_right = -56.3
offset_bottom = 19.3

[node name="ColorRect" type="ColorRect" parent="Info"]
layout_mode = 0
offset_left = -9.0
offset_top = -9.0
offset_right = 29.0
offset_bottom = 31.0
scale = Vector2(1.46453, 1.41418)
mouse_filter = 2
color = Color(0.8, 0.380392, 0.235294, 1)

[node name="Nombre" type="Label" parent="Info/ColorRect"]
unique_name_in_owner = true
layout_mode = 1
anchors_preset = 5
anchor_left = 0.5
anchor_right = 0.5
offset_left = -18.6586
offset_top = 1.55567
offset_right = 158.341
offset_bottom = 40.5557
grow_horizontal = 2
scale = Vector2(0.210783, 0.303395)
theme_override_fonts/font = ExtResource("3_626fw")
theme_override_font_sizes/font_size = 32
text = "NotAlien LVL: 100"

[node name="Ataque" type="Label" parent="Info/ColorRect"]
unique_name_in_owner = true
layout_mode = 1
anchors_preset = 2
anchor_top = 1.0
anchor_bottom = 1.0
offset_left = 1.57047
offset_top = -25.009
offset_right = 104.57
offset_bottom = 13.991
grow_vertical = 0
scale = Vector2(0.185406, 0.215524)
theme_override_colors/font_color = Color(1, 0, 0, 1)
theme_override_fonts/font = ExtResource("3_626fw")
theme_override_font_sizes/font_size = 32
text = "NOMBRE "

[node name="Defensa" type="Label" parent="Info/ColorRect"]
unique_name_in_owner = true
layout_mode = 1
anchors_preset = 7
anchor_left = 0.5
anchor_top = 1.0
anchor_right = 0.5
anchor_bottom = 1.0
offset_left = -17.293
offset_top = -16.8771
offset_right = 111.707
offset_bottom = 22.1229
grow_horizontal = 2
grow_vertical = 0
scale = Vector2(0.169272, 0.218513)
theme_override_colors/font_color = Color(0, 0, 1, 1)
theme_override_fonts/font = ExtResource("3_626fw")
theme_override_font_sizes/font_size = 32
text = "NOMBRE "

[node name="Vida" type="Label" parent="Info/ColorRect"]
unique_name_in_owner = true
layout_mode = 1
anchors_preset = 3
anchor_left = 1.0
anchor_top = 1.0
anchor_right = 1.0
anchor_bottom = 1.0
offset_left = -35.815
offset_top = -9.38155
offset_right = 70.185
offset_bottom = 29.6185
grow_horizontal = 0
grow_vertical = 0
scale = Vector2(0.195295, 0.231253)
theme_override_colors/font_color = Color(0, 1, 0, 1)
theme_override_fonts/font = ExtResource("3_626fw")
theme_override_font_sizes/font_size = 32
text = "NOMBRE "

[node name="ColorRect2" type="ColorRect" parent="Info"]
z_index = -1
layout_mode = 0
offset_left = -11.0
offset_top = -11.0
offset_right = 29.0
offset_bottom = 32.0
scale = Vector2(1.46453, 1.41418)
mouse_filter = 2
color = Color(0, 0, 0, 1)

[node name="Area2D" type="Area2D" parent="."]

[node name="CollisionShape2D" type="CollisionShape2D" parent="Area2D"]
scale = Vector2(2.77309, 2.82916)
shape = SubResource("CircleShape2D_efs2a")

[connection signal="input_event" from="Area2D" to="." method="_on_area_2d_input_event"]
