[gd_scene load_steps=9 format=3 uid="uid://b0xqb508rmx4y"]

[ext_resource type="Script" path="res://Deck/baraja.gd" id="1_f05yx"]
[ext_resource type="Resource" uid="uid://dhum1ugox4e60" path="res://Cards/Placeholder.tres" id="2_qtpyf"]
[ext_resource type="Resource" uid="uid://bxvroh1ib5n2" path="res://Cards/Warrior.tres" id="3_8dlyn"]
[ext_resource type="Resource" uid="uid://do5ddduuggpku" path="res://Cards/Tank.tres" id="4_dxten"]
[ext_resource type="Resource" uid="uid://bl8vgrrvph6vj" path="res://Cards/Ingeniero.tres" id="5_vr0aq"]
[ext_resource type="Texture2D" uid="uid://bdunvjqm5ip4b" path="res://Img/sword-wound.png" id="6_yfoha"]
[ext_resource type="FontFile" uid="uid://ngncabsvxap5" path="res://Font/Xolonium-Regular.ttf" id="7_puwqa"]

[sub_resource type="RectangleShape2D" id="RectangleShape2D_s0cvh"]
size = Vector2(202, 299)

[node name="Baraja" type="Area2D"]
script = ExtResource("1_f05yx")
Cartas = Array[Resource("res://Cards/cardsBase/CardData.gd")]([ExtResource("2_qtpyf"), ExtResource("3_8dlyn"), ExtResource("4_dxten"), ExtResource("5_vr0aq")])

[node name="ColorRect" type="ColorRect" parent="."]
custom_minimum_size = Vector2(200, 300)
offset_right = 40.0
offset_bottom = 40.0
mouse_filter = 2
color = Color(0, 0, 0, 1)

[node name="Sprite2D" type="Sprite2D" parent="ColorRect"]
position = Vector2(99, 148)
scale = Vector2(0.280771, 0.258587)
texture = ExtResource("6_yfoha")

[node name="Label" type="Label" parent="ColorRect"]
layout_mode = 0
offset_left = 26.0
offset_top = 17.0
offset_right = 177.0
offset_bottom = 78.0
theme_override_colors/font_color = Color(0.337255, 0.756863, 0.627451, 1)
theme_override_fonts/font = ExtResource("7_puwqa")
theme_override_font_sizes/font_size = 50
text = "DECK"

[node name="CollisionShape2D" type="CollisionShape2D" parent="."]
position = Vector2(100, 150.5)
shape = SubResource("RectangleShape2D_s0cvh")

[connection signal="input_event" from="." to="." method="_on_input_event"]
