[gd_scene load_steps=2 format=3 uid="uid://bquf11ueetx85"]

[ext_resource type="PackedScene" uid="uid://dls1pcvewuxqv" path="res://Map/zone.tscn" id="2_5qmgi"]

[node name="Map" type="Node2D"]

[node name="Control" type="Control" parent="."]
layout_mode = 3
anchors_preset = 0
offset_right = 123.0
offset_bottom = 65.0
mouse_filter = 2

[node name="GridContainer" type="GridContainer" parent="Control"]
custom_minimum_size = Vector2(300, 300)
layout_mode = 1
anchors_preset = 15
anchor_right = 1.0
anchor_bottom = 1.0
offset_right = 777.0
offset_bottom = 635.0
grow_horizontal = 2
grow_vertical = 2
mouse_filter = 2
columns = 4

[node name="Zone" parent="Control/GridContainer" instance=ExtResource("2_5qmgi")]
layout_mode = 2

[node name="Zone2" parent="Control/GridContainer" instance=ExtResource("2_5qmgi")]
layout_mode = 2

[node name="Zone3" parent="Control/GridContainer" instance=ExtResource("2_5qmgi")]
layout_mode = 2

[node name="Zone4" parent="Control/GridContainer" instance=ExtResource("2_5qmgi")]
layout_mode = 2

[node name="Zone5" parent="Control/GridContainer" instance=ExtResource("2_5qmgi")]
layout_mode = 2

[node name="Zone6" parent="Control/GridContainer" instance=ExtResource("2_5qmgi")]
layout_mode = 2

[node name="Zone7" parent="Control/GridContainer" instance=ExtResource("2_5qmgi")]
layout_mode = 2

[node name="Zone8" parent="Control/GridContainer" instance=ExtResource("2_5qmgi")]
layout_mode = 2

[node name="Background" type="ColorRect" parent="Control"]
z_index = -5
custom_minimum_size = Vector2(850, 650)
layout_mode = 0
offset_left = -20.0
offset_top = -20.0
offset_right = 830.0
offset_bottom = 630.0
mouse_filter = 2
color = Color(0, 0, 0, 1)
